@article{mirizzilinked,
  title={Linked Open Data for content-based recommender systems},
  author={Mirizzi, Roberto and Di Noia, Tommaso and Ostuni, Vito Claudio and Ragone, Azzurra},
  year={2012}
}

@ONLINE{ChirografariCuozzo:Online,
author = {Cuozzo, Lucia},
title = {CREDITORI PRIVILEGIATI E CREDITORI CHIROGRAFARI},
month = jun,
year = {2012},
url = {http://www.gestco.it/approfondimenti/creditori-privilegiati-creditori-chirografari.html}
}

@ONLINE{Curatore:Online,
author = {Avv.De Sciscio, Domenico},
title = {Curatore-fallimentare},
month = mar,
year = {2012},
url = {http://www.professionisti.it/enciclopedia/voce/2528/Curatore-fallimentare}
}

@ONLINE{IstanzaFallimentare:Online,
author = {Avv.Agami, Marco},
title = {Fallimento: istanza},
month = mar,
year = {2012},
url = {http://www.professionisti.it/enciclopedia/voce/1551/Fallimento-istanza}
}

@ONLINE{AmmissionePassivo:Online,
author = {Avv.Durello, Laura},
title = {Fallimento: ammissione al passivo},
month = mar,
year = {2012},
url = {http://www.professionisti.it/enciclopedia/voce/1555/Fallimento-ammissione-al-passivo}
}

@misc{ wiki:chirografario,
   author = "Wikipedia",
   title = "Credito chirografario (diritto italiano) --- Wikipedia{,} L'enciclopedia libera",
   year = "2013",
   url = "http://it.wikipedia.org/w/index.php?title=Credito_chirografario_(diritto_italiano)",
   note = "[Online; in data 30-giugno-2014]"
 }


@ONLINE{ModelliTemplate:Online,
author = {Losito, Alessandra},
title = {Modelli istanze fallimentari},
month = jan,
year = {2014},
url = {http://www.guidafisco.it/modello-istanza-fallimento-modulo-fac-simile-1054}
}

@misc{ wiki:fallimento,
  author = "Wikipedia",
  title = "Fallimento (ordinamento giuridico italiano) --- Wikipedia{,} L'enciclopedia libera",
  year = "2014",
  url = "http://it.wikipedia.org/w/index.php?title=Fallimento_(ordinamento_giuridico_italiano)&oldid=66544904",
  note = "[Online; in data 30-giugno-2014]"
}
